% Bibliography for master thesis
%%-------------------------------------CHAPTER VIRTUALIZATION----------------------------------------------%%
  %% oxford %%
  @online{ oxford:dictionary:virtual,
    author = {Oxford University},
    title = {\textit{Definition of virtual in English} [online]},
    url = {https://en.oxforddictionaries.com/definition/virtual},
    note = {[cit. 2018-03-26]},
    urldate = {26.3.2018}
  }
    
  @online{ article:vmware:network_virtualization,
    author = {VMware},
    year = {Publikováno 4.11.2015},
    title = {\textit{The Virtues of Network Virtualization} [online]},
    url = {https://www.vmware.com/ciovantage/article/the-virtues-of-network-virtualization},
    note = {[cit. 2018-03-26]},
    urldate = {26.3.2018}
  }
  
  %-----------------------VALID 

  %% books, articles, thesis %%
  @ARTICLE{ book:iee:vm_architecture,
    author =      {J. E. Smith and Ravi Nair},
    journal =     {Computer},
    title =       {The architecture of virtual machines},
    year =        {2005},
    volume =      {38},
    number =      {5},
    pages =       {32-38},
    keywords =    {application program interfaces;computer architecture;formal specification;hardware-software codesign;multiprocessing systems;multiprogramming;virtual machines;HW/SW interface;abstraction level;application binary interface;application programming interface;hardware resources;instruction set architecture;real system;virtual machine architecture;Application software;Computer architecture;Computer interfaces;Hardware;Instruction sets;Microprocessors;Operating systems;Virtual machining;Virtual manufacturing;Voice mail;VM taxonomy;computer architectures;disk storage;software systems;virtual machines;virtualization technology},
    doi =         {10.1109/MC.2005.173},
    ISSN =        {0018-9162},
    month =       {Květen}
  }
  
  @Book{ vmm_book,
    author =      {Remzi H. Arpaci-Dusseau and Andrea C. Arpaci-Dusseau},
    title =       {Operating Systems: Three Easy Pieces},
    publisher =   {Arpaci-Dusseau Books},
    month =       {Květen},
    year =        {2015},
    edition =     {0.91},
    url =         {http://www.ostep.org}
  }
  
  @online{ article:java:hotspot,
    author = {Eric Armstrong},
    year = {Publikováno 1.3.1998},
    title = {\textit{HotSpot: A new breed of virtual machine} [online]},
    url = {https://www.javaworld.com/article/2076604/hotspot--a-new-breed-of-virtual-machine.html},
    note = {[cit. 2018-04-30]},
    urldate = {30.4.2018}
  }
  
  @online{ oracle:virtualization:reasons,
    author = {Oracle},    
    title = {\textit{Reasons to Use Virtualization} [online]},
    url = {https://docs.oracle.com/cd/E27300_01/E27309/html/vmusg-virtualization-reasons.html},
    note = {[cit. 2018-04-30]},
    urldate = {30.4.2018}
  }
  
  @online{ oracle:virtualization:technologies,
    author = {Oracle},    
    title = {\textit{Oracle Solaris 11.3 Virtualization Technologies} [online]},
    url = {https://docs.oracle.com/cd/E53394_01/html/E54760/solosvirt.html},
    note = {[cit. 2018-04-30]},
    urldate = {30.4.2018}
  }  
  
  @thesis{ cvut:thesis:mythesis,
    author =      {Tomáš Šimáček},
    title =       {\textit{Nástroj pro správu a monitorování systému souborů ZettaByte}},
    note =        {Bakalářská práce. Praha: České vysoké učení technické v~Praze, Fakulta informačních technologií}
  }
  
  @online{ oracle:solaris:beta,
    author = {Scott Lynn},  
    year = {Publikováno 30.1.2018},
    title = {\textit{Oracle Solaris 11.4 Open Beta Released!} [online]},
    url = {https://docs.oracle.com/cd/E53394_01/html/E54760/solosvirt.html},
    note = {[cit. 2018-05-01]},
    urldate = {1.5.2018}
  }  
  
  https://blogs.oracle.com/solaris/oracle-solaris-114-beta-released

  
  
  %% presentations %%

  @online{ cvut:presentation:virt1,
    author = {Jiří Kašpar and Pavel Tvrdík},
    title = {\textit{Techniky virtualizace I.} [online]},
    url = {https://edux.fit.cvut.cz/courses/MI-POA/_media/lectures/mi-poa08.pdf},
    note = {Praha: České vysoké učení technické v~Praze, Fakulta informačních technologií [cit. 2018-03-12]},
    urldate = {12.3.2018}
  }

  @online{ cvut:presentation:virt2,
    author = {Jiří Kašpar and Pavel Tvrdík},
    title = {\textit{Techniky virtualizace II.} [online]},
    url = {https://edux.fit.cvut.cz/courses/MI-POA/_media/lectures/mi-poa09.pdf},
    note = {Praha: České vysoké učení technické v~Praze, Fakulta informačních technologií [cit. 2018-03-12]},
    urldate = {12.3.2018}
  }

  @online{ virt3,
    author =      {Jiří Kašpar and Pavel Tvrdík},
    title =       {\textit{Techniky virtualizace III.} [online]},
    url =         {https://edux.fit.cvut.cz/courses/MI-POA/_media/lectures/mi-poa10.pdf},
    note =        {Praha: České vysoké učení technické v~Praze, Fakulta informačních technologií [cit. 2018-03-12]},
    urldate =     {12.3.2018}
  }

  @online{ cvut:biadu:sysstart,
    author =      {Zdeněk Muzikář and Jan Žďárek},
    title =       {\textit{Start systému, proces init,  Solaris Service Management Facility} [online]},
    url =         {https://edux.fit.cvut.cz/courses/BI-ADU/_media/lectures/07/biadu_p07_start.pdf},
    note =        {Praha: České vysoké učení technické v~Praze, Fakulta informačních technologií [cit. 2018-03-23]},
    urldate =     {23.3.2018}
  }
%%--------------------------------ORACLE DOCS------------------------------------------%%

@online{ oracle:solaris:virtualization,
  author =      {Oracle},
  title =       {\textit{Introduction to Oracle® Solaris 11 Virtual Environment} [online]},
  url =         {https://docs.oracle.com/cd/E53394_01/pdf/E54760.pdf},
  note =        {[cit. 2018-03-23]},
  urldate =     {23.3.2018}
}

@online{ oracle:solaris:zones:introduction,
  author =      {Oracle},
  title =       {\textit{Introduction to Oracle® Solaris Zones 11. How Zones Work.} [online]},
  url =         {https://docs.oracle.com/cd/E53394_01/html/E54762/zones.intro-5.html},
  note =        {[cit. 2018-04-23]},
  urldate =     {23.4.2018}
}

@online{ oracle:solaris:zones:brands,
  author =      {Oracle},
  title =       {\textit{Introduction to Oracle® Solaris 11. Zone Brand Overview} [online]},
  url =         {https://docs.oracle.com/cd/E53394_01/html/E54762/gitrc.html},
  note =        {[cit. 2018-04-24]},
  urldate =     {24.4.2018}
}

@online{ oracle:solaris:zones:kernel_zones_requiremets,
  author =      {Oracle},
  title =       {\textit{Hardware and Software Requirements for Oracle Solaris Kernel Zones} [online]},
  url =         {https://docs.oracle.com/cd/E53394_01/html/E54751/gnwoi.html},
  note =        {[cit. 2018-04-24]},
  urldate =     {24.4.2018}
}

@online{ oracle:solaris:zones:states,
  author =      {Oracle},
  title =       {\textit{Zone Administration Overview} [online]},
  url =         {https://docs.oracle.com/cd/E53394_01/html/E54762/gqhar.html},
  note =        {[cit. 2018-04-24]},
  urldate =     {24.4.2018}
}

@online{ oracle:solaris:zones:modify,
  author =      {Oracle},
  title =       {\textit{How to Modify a Resource Type in a Zone Configuration} [online]},
  url =         {https://docs.oracle.com/cd/E53394_01/html/E54752/z.conf.start-63.html},
  note =        {[cit. 2018-04-24]},
  urldate =     {25.4.2018}
}


@online{ oracle:solaris:zones:installation,
  author =      {Oracle},
  title =       {\textit{Creating and Using Oracle® Solaris Zones How Zones Are Installed.} [online]},
  url =         {https://docs.oracle.com/cd/E88353_01/html/E37853/zones-solaris-kz-7.html},
  note =        {[cit. 2018-04-25]},
  urldate =     {25.4.2018}
}


@online{ oracle:solaris:zones:kernel_version,
  author =      {Duncan Hardie},
  title =       {\textit{How to Get Started Creating Oracle Solaris Kernel Zones in Oracle Solaris 11} [online]},
  url =         {http://www.oracle.com/technetwork/articles/servers-storage-admin/howto-create-kernal-zones-s11-2251331.html},
  note =        {[cit. 2018-04-25]},
  urldate =     {25.4.2018}
}

@online{ oracle:solaris:zones:manifest,
  author =      {Oracle},
  title =       {\textit{About Adding Packages in Systems With Zones Installed} [online]},
  url =         {https://docs.oracle.com/cd/E53394_01/html/E54752/z.pkginst.ov-14.html},
  note =        {[cit. 2018-04-25]},
  urldate =     {25.4.2018}
}

@online{ oracle:solaris:zones:clonning,
  author =      {Oracle},
  title =       {\textit{About Cloning Non-Global Zones} [online]},
  url =         {https://docs.oracle.com/cd/E53394_01/html/E54752/gcrsy.html},
  note =        {[cit. 2018-04-25]},
  urldate =     {25.4.2018}
}

@online{ oracle:solaris:zones:profile,
  author =      {Oracle},
  title =       {\textit{Specifying Configuration in a System Configuration Profile} [online]},
  url =         {https://docs.oracle.com/cd/E23824_01/html/E21798/gklea.html},
  note =        {[cit. 2018-04-25]},
  urldate =     {25.4.2018}
}

@online{ oracle:solaris:zones:zfs_archives,
  author =      {Oracle},
  title =       {\textit{Creating a ZFS Snapshot Archive for Recovery} [online]},
  url =         {https://docs.oracle.com/cd/E23824_01/html/821-1448/recover-3.html},
  note =        {[cit. 2018-04-25]},
  urldate =     {25.4.2018}
}


@online{ oracle:solaris:zones:uar,
  author =      {Oracle},
  title =       {\textit{Using Unified Archives for System Recovery and Cloning in Oracle Solaris 11.2} [online]},
  url =         {https://docs.oracle.com/cd/E36784_01/html/E38524/gmrlo.html},
  note =        {[cit. 2018-04-25]},
  urldate =     {25.4.2018}
}

@online{ oracle:solaris:zones:migration,
  author =      {Oracle},
  title =       {\textit{Migrating a Non-Global Zone to a Different System} [online]},
  url =         {https://docs.oracle.com/cd/E53394_01/html/E54752/gpolc.html},
  note =        {[cit. 2018-04-25]},
  urldate =     {25.4.2018}
}

@online{ oracle:solaris:desing:pkg_repository,
  author =      {Oracle},
  title =       {\textit{Oracle Solaris 11 Package repository} [online]},
  url =         {http://pkg.oracle.com/solaris/release/en/index.shtml},
  note =        {[cit. 2018-04-26]},
  urldate =     {26.4.2018}
}

@online{ oracle:solaris:desing:rbac,
  author =      {Oracle},
  title =       {\textit{Oracle Solaris Administration: Security Services. Role-Based Access Control} [online]},
  url =         {https://docs.oracle.com/cd/E23824_01/html/821-1456/rbac-1.html},
  note =        {[cit. 2018-04-26]},
  urldate =     {26.4.2018}
}

@online{ cvut:presentations:least_user_privilege,
  author =      {Tomáš Zahradnický},
  title =       {\textit{Security and Secure programming} [online]},
  url =         {https://edux.fit.cvut.cz/courses/MI-BPR/_media/lectures/mi-bpr-2014-lecture-1.pdf},
  note =        {Praha: České vysoké učení technické v~Praze, Fakulta informačních technologií [cit. 2018-04-26]},
  urldate =     {26.4.2018}
}


@online{ ruby,
  author =      {Community Ruby},
  title =       {\textit{Ruby programming language} [online]},
  url =         {https://www.ruby-lang.org/en/},
  note =        {[cit. 2018-04-27]},
  urldate =     {27.4.2018}
}

@online{ ruby:implementation,
  author =      {Tomas Barton and Jan Vlnas and Tibor Szolár and Petr Pulc},
  title =       {\textit{Úvod do jazyka Ruby} [online]},
  url =         {https://edux.fit.cvut.cz/courses/MI-RUB/_media/lectures/01/01a.pdf},
  note =        {Praha: České vysoké učení technické v~Praze, Fakulta informačních technologií [cit. 2018-04-27]},
  urldate =     {27.4.2018}
}

@online{ ruby:implementation:yarv,
  author =      {Sasada Koichi},
  title =       {\textit{YARV: Yet Another Ruby VM} [online]},
  url =         {http://www.atdot.net/yarv/},
  note =        {[cit. 2018-04-27]},
  urldate =     {27.4.2018}
}

@online{ ruby:implementation:jruby,
  author =      {JRuby},
  title =       {\textit{The Ruby Programming Language on the JVM} [online]},
  url =         {http://jruby.org/},
  note =        {[cit. 2018-04-27]},
  urldate =     {27.4.2018}
}

@techreport{json,
  author =      {T. Bray},
  title =       {The JavaScript Object Notation (JSON) Data Interchange Format},
  howpublished = {Internet Requests for Comments},
  type =        {RFC},
  number =      {7159},
  year =        {2014},
  month =       {Březen},
  issn =        {2070-1721},
  publisher =   {RFC Editor},
  institution = {RFC Editor},
  url =         {http://www.rfc-editor.org/rfc/rfc7159.txt},
  note =        {[cit. 2018-04-27]},
  urldate =     {27.4.2018}
}

@online{ json:schema,
  author =      {Austin Wright and Henry Andrews},
  year =        {Publikováno 19.3.2018},
  title =       {\textit{JSON Schema: A Media Type for Describing JSON Documents} [online]},
  url =         {http://json-schema.org/latest/json-schema-core.html},
  note =        {[cit. 2018-04-27]},
  urldate =     {27.4.2018}
}

@online{ json:schema:ruby,
  author =      {Kenny Hoxworth and Iain Beeston and Kyle Hargraves},
  title =       {\textit{Ruby JSON Schema Validator} [online]},
  url =         {https://github.com/ruby-json-schema/json-schema},
  note =        {[cit. 2018-04-27]},
  urldate =     {27.4.2018}
}

@online{ thesis:repository,
  author =      {Tomáš Šimáček},
  title =       {\textit{Repository for master thesis on CTU FIT} Github [online]},
  url =         {https://github.com/simactom/master-thesis},
  note =        {[cit. 2018-04-30]},
  urldate =     {30.4.2018}
}



@online{ oracle:manpages:zonecfg,
  author =      {Oracle},
  title =       {\textit{Man pages section 1M: System Administration Commands. zonecfg(1M)} [online]},
  url =         {https://docs.oracle.com/cd/E23824_01/html/E21798/gklep.html},
  note =        {[cit. 2018-04-24]},
  urldate =     {24.4.2018}
}

@online{ oracle:manpages:solaris-kz,
  author =      {Oracle},
  title =       {\textit{Man pages section 7: Standards, Environments, Macros, Character Sets and Miscellany. zones\_solaris-kz(7)} [online]},
  url =         {https://docs.oracle.com/cd/E88353_01/html/E37853/zones-solaris-kz-7.html},
  note =        {[cit. 2018-04-25]},
  urldate =     {25.4.2018}
}

@online{ oracle:manpages:zoneadm,
  author =      {Oracle},
  title =       {\textit{Man pages section 1M: System Administration Commands. zoneadm(1M)} [online]},
  url =         {https://docs.oracle.com/cd/E88353_01/html/E37853/zones-solaris-kz-7.html},
  note =        {[cit. 2018-04-25]},
  urldate =     {25.4.2018}
}

@online{ oracle:manpages:sysconfig,
  author =      {Oracle},
  title =       {\textit{Man pages section 1M: System Administration Commands. sysconfig(1M)} [online]},
  url =         {https://docs.oracle.com/cd/E36784_01/html/E36871/sysconfig-1m.html},
  note =        {[cit. 2018-04-25]},
  urldate =     {25.4.2018}
}
















